@article{breiman_rf_2001,
	author = {Breiman, L.},
	title = {Random {Forests}},
	journal = {Machine Learning},
	volume = {45},	
	number = {1},	
	pages = {5--32},
	year = {2001},
	doi = {10.1023/A:1010933404324}
}

@book{harrell_LR_2015,
	author = {Harrell, F. E.},
	title = {Regression {Modeling} {Strategies}: {With} {Applications} to {Linear} {Models}, {Logistic} and {Ordinal} {Regression}, and {Survival} {Analysis}},
	publisher = {Springer International Publishing},
	edition={Second},
	year = {2015},	
	doi = {10.1007/978-3-319-19425-7},
}

@article{cortes_svm_1995,
	author = {Cortes, C. and Vapnik, V.},
	title = {Support-vector networks},
	journal = {Machine Learning},
	volume = {20},
	number = {3},
	pages = {273--297},
	year = {1995},
	doi = {10.1007/BF00994018}
}

@article{friedman_gbm_2001,
	author = {Friedman, J. H.},
	title = {Greedy function approximation: {A} gradient boosting machine.},
	journal = {The Annals of Statistics},
	volume = {29},
	number = {5},
	pages = {1189--1232},
	year = {2001},
	doi = {10.1214/aos/1013203451}
}

@article{kahu_student_engagement_2013,
	author = {Kahu, E. R.},
	title = {Framing student engagement in higher education},
	journal = {Studies in Higher Education},
	volume = {38},
	number = {5},
	pages = {758--773},
	year = {2013},
	doi = {10.1080/03075079.2011.598505}
}

@article{lecun_nn_gradient-applied_1998,
	author = {Lecun, Y. and Bottou, L. and Bengio, Y. and Haffner, P.},
	title = {Gradient-based learning applied to document recognition},
	journal = {Proceedings of the IEEE},
	volume = {86},
	number = {11},
	pages = {2278--2324},
	year = {1998},
	doi = {10.1109/5.726791}
}

@article{maiz_olazabalaga_research_2016,
	author = {Maiz Olazabalaga, I. and Castaño Garrido, C. and Garay Ruiz, U.},
	title = {Research on {MOOCs}: {Trends} and {Methodologies}},
	journal = {Porta Linguarum, Monográfico I},
	pages = {87--98},
	year = {2016},
	doi = {10.30827/Digibug.54092}
}

@article{simpson_can_we_do_better,
	author = {Simpson, O.},
	title = {'22\% -can we do better?'-{The} {CWP} {Retention} {Literature} {Review}},
	journal = {ResearchGate},
	year = {2010},
	doi = {10.13140/RG.2.2.15450.16329}
}

@article{sokolova_classification_tasks_2009,
	author = {Sokolova, M. and Lapalme, G.},
	title = {A systematic analysis of performance measures for classification tasks},
	journal = {Information Processing \& Management},
	volume = {45},
	number = {4},
	pages = {427--437},
	year = {2009},
	doi = {10.1016/j.ipm.2009.03.002}
}

@article{tomasevic_comparison_supervised_data_2020,
	author = {Tomasevic, N. and Gvozdenovic, N. and Vranes, S.},
	title = {An overview and comparison of supervised data mining techniques for student exam performance prediction},
	journal = {Computers \& Education},
	volume = {143},
	pages = {103676},
	year = {2020},
	doi = {10.1016/j.compedu.2019.103676}
}

@article{hussain_student_engagement_prediction_2018,
	author = {Hussain, M. and Zhu, W. and Zhang, W. and Abidi, S. M. R.},
	title = {Student {Engagement} {Predictions} in an e-{Learning} {System} and {Their} {Impact} on {Student} {Course} {Assessment} {Scores}},
	journal = {Computational Intelligence and Neuroscience},
	volume = {2018},
	number = {1},
	pages = {6347186},
	year = {2018},
	doi = {10.1155/2018/6347186}
}

@book{holland_ML_1992,
	author = {Holland, J. H.},
	title = {Adaptation in {Natural} and {Artificial} {Systems}: {An} {Introductory} {Analysis} with {Applications} to {Biology}, {Control}, and {Artificial} {Intelligence}},
	publisher = {The MIT Press},
	edition={First},
	year = {1992},
	doi = {10.7551/mitpress/1090.001.0001}
}

@article{kuzilek_ou_2015,
	author = {Kuzilek, J. and Hlosta, M. and Herrmannova, D. and Zdrahal, Z. and Vaclavek, J. and Wolff, A.},
	title = {{OU} {Analyse}: analysing at-risk students at {The} {Open} {University}},
	journal = {Learning Analytics Review},
	volume = {LAK15-1},
	pages = {1--16},
	year = {2015}
}

@inproceedings{staikopoulos_SE_2015,
	author = {Staikopoulos, A. and O'Keeffe, I. and Yousuf, B. and Conlan, O. and Walsh, E. and Wade, V.},
	title = {Enhancing {Student} {Engagement} through {Personalized} {Motivations}},
	booktitle = {2015 {IEEE} 15th {International} {Conference} on {Advanced} {Learning} {Technologies}},
	pages = {340--344},
	year = {2015},
	doi = {10.1109/ICALT.2015.116}
}

@article{jung_learning_2018,
	author = {Jung, Y. and Lee, J.},
	title = {Learning {Engagement} and {Persistence} in {Massive} {Open} {Online} {Courses} ({MOOCs})},
	journal = {Computers \& Education},
	volume = {122},
	pages = {9--22},
	year = {2018},
	doi = {10.1016/j.compedu.2018.02.013}
}

@article{kuzilek_OULAD_2017,
	author = {Kuzilek, J. and Hlosta, M. and Zdrahal, Z.},
	title = {Open {University} {Learning} {Analytics} dataset},
	journal = {Scientific Data},
	volume = {4},
	number = {1},
	pages = {170171},
	year = {2017},
	doi = {10.1038/sdata.2017.171}
}

@misc{hlosta_modellingVLE_2018,
	author = {Hlosta, M. and Herrmannova, D. and Vachova, L. and Kuzilek, J. and Zdrahal, Z. and Wolff, A.},
	title = {Modelling student online behaviour in a virtual learning environment},
	publisher = {arXiv},
	year = {2018},
	doi = {10.48550/arXiv.1811.06369}
}

@article{kotsiantis_2004,
	author = {Kotsiantis, S. and Pierrakeas, C. and Pintelas, P.},
	title = {Predicting {Students}' {Performance} in {Distance} {Learning} {Using} {Machine} {Learning} {Techniques}},
	journal = {Applied Artificial Intelligence},
	volume = {18},
	number = {5},
	pages = {411--426},
	year = {2004},
	doi = {10.1080/08839510490442058}
}

@inproceedings{kai_2017,
	author = {Kai, S. and Andres, J. M. L. and Paquette, L. and Baker, R. S. and Molnar, K. and Watkins, H. and Moore, M.},
	title = {Predicting student retention from behavior in an online orientation course},
	booktitle = {Proceedings of the 10th International Conference on Educational Data Mining (EDM 2017)},
	pages = {250--255},
	year = {2017}
}

@incollection{baker_educational_2014,
	author = {Baker, R. S. and Inventado, P. S.},
	title = {Educational {Data} {Mining} and {Learning} {Analytics}},
	booktitle = {Learning {Analytics}: {From} {Research} to {Practice}},
	pages = {61--75},
	publisher = {Springer},
	year = {2014},
	doi = {10.1007/978-1-4614-3305-7_4},
	editor = {Larusson, J. A. and White, B.}
}

@book{geron_oreilly_2019,
	author = {Géron, A.},
	title = {Hands-on machine learning with Scikit-Learn and TensorFlow: Concepts, tools, and techniques to build intelligent systems},
	edition = {2},
	publisher = {O’Reilly Media, Inc.},
	year = {2019}
}

@book{murphy_ml_2012,
	author = {Murphy, K. P.},
	title = {Machine learning: A probabilistic perspective},
	publisher = {MIT Press},
	year = {2012}
}

@article{romero_data_2013,
	author = {Romero, C. and Ventura, S.},
	title = {Data mining in education},
	journal = {WIREs Data Mining and Knowledge Discovery},
	volume = {3},
	number = {1},
	pages = {12--27},
	year = {2013},
	doi = {10.1002/widm.1075}
}

@article{gasevic_learning_2016,
	author = {Gasevic, D. and Dawson, S. and Rogers, T. and Gasevic, D.},
	title = {Learning analytics should not promote one size fits all: The effects of instructional conditions in predicting academic success},
	journal = {The Internet and Higher Education},
	volume = {28},
	pages = {68--84},
	year = {2016},
	doi = {10.1016/j.iheduc.2015.10.002}
}

@article{viberg_current_2018,
	author = {Viberg, O. and Hatakka, M. and Bälter, O. and Mavroudi, A.},
	title = {The current landscape of learning analytics in higher education},
	journal = {Computers in Human Behavior},
	volume = {89},
	pages = {98--110},
	year = {2018},
	doi = {10.1016/j.chb.2018.07.027}
}

@article{conijn_predicting_2017,
	author = {Conijn, R. and Snijders, C. and Kleingeld, A. and Matzat, U.},
	title = {Predicting student performance from {LMS} data: A comparison of 17 blended courses using Moodle {LMS}},
	journal = {IEEE Transactions on Learning Technologies},
	volume = {10},
	number = {1},
	pages = {17--29},
	year = {2017},
	doi = {10.1109/TLT.2016.2616312}
}

@misc{sclater_learning_2016,
	author = {Sclater, N. and Peasgood, A. and Mullan, J.},
	title = {Learning analytics in higher education: A review of {UK} and international practice},
	journal = {Jisc},
	year = {2016}
}

@book{fernandez_learning_2018,
	author = {Fernandez, A. and Garcia, S. and Galar, M. and Prati, R. C. and 
	, B. and Herrera, F.},
	title = {Learning from Imbalanced Data Sets},
	publisher = {Springer International Publishing},
	year = {2018},
	doi = {10.1007/978-3-319-98074-4}
}

@article{liu_exploratory_2009,
	author = {Liu, X.-Y. and Wu, J. and Zhou, Z.-H.},
	title = {Exploratory undersampling for class-imbalance learning},
	journal = {IEEE Transactions on Systems, Man, and Cybernetics, Part B (Cybernetics)},
	volume = {39},
	number = {2},
	pages = {539--550},
	year = {2009},
	doi = {10.1109/TSMCB.2008.2007853}
}

@article{krawczyk_learning_2016,
	author = {Krawczyk, B.},
	title = {Learning from imbalanced data: Open challenges and future directions},
	journal = {Progress in Artificial Intelligence},
	volume = {5},
	number = {4},
	pages = {221--232},
	year = {2016},
	doi = {10.1007/s13748-016-0094-0}
}

@article{haixiang_learning_2017,
	author = {Haixiang, G. and Yijing, L. and Shang, J. and Mingyun, G. and Yuanyue, H. and Bing, G.},
	title = {Learning from class-imbalanced data: Review of methods and applications},
	journal = {Expert Systems with Applications},
	volume = {73},
	pages = {220--239},
	year = {2017},
	doi = {10.1016/j.eswa.2016.12.035}
}

@article{luque_impact_2019,
	author = {Luque, A. and Carrasco, A. and Martin, A. and de las Heras, A.},
	title = {The impact of class imbalance in classification performance metrics based on the binary confusion matrix},
	journal = {Pattern Recognition},
	volume = {91},
	pages = {216--231},
	year = {2019},
	doi = {10.1016/j.patcog.2019.02.023}
}

@article{galar_review_2012,
	author = {Galar, M. and Fernandez, A. and Barrenechea, E. and Bustince, H. and Herrera, F.},
	title = {A review on ensembles for the class imbalance problem: Bagging-, boosting-, and hybrid-based approaches},
	journal = {IEEE Transactions on Systems, Man, and Cybernetics, Part C (Applications and Reviews)},
	volume = {42},
	number = {4},
	pages = {463--484},
	year = {2012},
	doi = {10.1109/TSMCC.2011.2161285}
}

@misc{grandini_metrics_2020,
	author = {Grandini, M. and Bagli, E. and Visani, G.},
	title = {Metrics for multi-class classification: An overview},
	publisher = {arXiv},
	year = {2020},
	doi = {10.48550/arXiv.2008.05756}
}

@inproceedings{jeni_facing_2013,
	author = {Jeni, L. A. and Cohn, J. F. and De La Torre, F.},
	title = {Facing imbalanced data: Recommendations for the use of performance metrics},
	booktitle = {2013 Humaine Association Conference on Affective Computing and Intelligent Interaction},
	pages = {245--251},
	year = {2013},
	doi = {10.1109/ACII.2013.47}
}

@article{opitz_closer_2024,
	author = {Opitz, J.},
	title = {A closer look at classification evaluation metrics and a critical reflection of common evaluation practice},
	journal = {Transactions of the Association for Computational Linguistics},
	volume = {12},
	pages = {820--836},
	year = {2024},
	doi = {10.1162/tacl_a_00675}
}

@article{tantisripreecha_novel_2022,
	author = {Tantisripreecha, T. and Soonthornphisaj, N.},
	title = {A novel term weighting scheme for imbalanced text classification},
	journal = {Informatica},
	volume = {46},
	number = {2},
	year = {2022},
	doi = {10.31449/inf.v46i2.3523}
}

@article{akor_hierarchical_2025,
	author = {Akor, P. and Enemali, G. and Muhammad, U. and Singh, R. R. and Larijani, H.},
	title = {Hierarchical deep learning for comprehensive epileptic seizure analysis: From detection to fine-grained classification},
	journal = {Information},
	volume = {16},
	number = {7},
	pages = {532},
	year = {2025},
	doi = {10.3390/info16070532}
}

@article{lee_machine_2019,
	author = {Lee, S. and Chung, J. Y.},
	title = {The machine learning-based dropout early warning system for improving the performance of dropout prediction},
	journal = {Applied Sciences},
	volume = {9},
	number = {15},
	pages = {3093},
	year = {2019},
	doi = {10.3390/app9153093}
}

@misc{orooji_predicting_2019,
	author = {Orooji, M. and Chen, J.},
	title = {Predicting Louisiana public high school dropout through imbalanced learning techniques},
	publisher = {arXiv},
	year = {2019},
	doi = {10.48550/arXiv.1910.13018}
}

@inproceedings{hlosta_ouroboros_2017,
	author = {Hlosta, M. and Zdrahal, Z. and Zendulka, J.},
	title = {Ouroboros: Early identification of at-risk students without models based on legacy data},
	booktitle = {Proceedings of the Seventh International Learning Analytics \& Knowledge Conference},
	pages = {6--15},
	publisher = {ACM},
	year = {2017},
	doi = {10.1145/3027385.3027449}
}

@article{cui_class-balanced_2019,
	author = {Cui, Y. and Jia, M. and Lin, T.-Y. and Song, Y. and Belongie, S.},
	title = {Class-balanced loss based on effective number of samples},
	journal = {Proceedings of the IEEE/CVF Conference on Computer Vision and Pattern Recognition},
	year = {2019}
}

@article{saito_precision-recall_2015,
	author = {Saito, T. and Rehmsmeier, M.},
	title = {The precision-recall plot is more informative than the ROC plot when evaluating binary classifiers on imbalanced datasets},
	journal = {PLoS ONE},
	volume = {10},
	number = {3},
	pages = {e0118432},
	year = {2015},
	doi = {10.1371/journal.pone.0118432}
}

@article{breiman_bagging_1996,
	author = {Breiman, L.},
	title = {Bagging predictors},
	journal = {Machine Learning},
	volume = {24},
	number = {2},
	pages = {123--140},
	year = {1996},
	doi = {10.1007/BF00058655}
}

@inproceedings{ke_lightgbm_2017,
	author = {Ke, G. and Meng, Q. and Finley, T. and Wang, T. and Chen, W. and Ma, W. and Ye, Q. and Liu, T.-Y.},
	title = {LightGBM: A highly efficient gradient boosting decision tree},
	booktitle = {Advances in Neural Information Processing Systems},
	volume = {30},
	publisher = {Curran Associates, Inc.},
	year = {2017}
}

@article{nelder_generalized_1972,
	author = {Nelder, J. A. and Wedderburn, R. W. M.},
	title = {Generalized linear models},
	journal = {Journal of the Royal Statistical Society. Series A (General)},
	volume = {135},
	number = {3},
	pages = {370--384},
	year = {1972},
	doi = {10.2307/2344614}
}

@article{cox_regression_1958,
	author = {Cox, D. R.},
	title = {The regression analysis of binary sequences},
	journal = {Journal of the Royal Statistical Society. Series B (Methodological)},
	volume = {20},
	number = {2},
	pages = {215--242},
	year = {1958}
}

@article{cover_nearest_1967,
	author = {Cover, T. and Hart, P.},
	title = {Nearest neighbor pattern classification},
	journal = {IEEE Transactions on Information Theory},
	volume = {13},
	number = {1},
	pages = {21--27},
	year = {1967},
	doi = {10.1109/TIT.1967.1053964}
}

@article{aha_instance-based_1991,
	author = {Aha, D. W. and Kibler, D. and Albert, M. K.},
	title = {Instance-based learning algorithms},
	journal = {Machine Learning},
	volume = {6},
	number = {1},
	pages = {37--66},
	year = {1991},
	doi = {10.1007/BF00153759}
}

@article{rumelhart_learning_1986,
	author = {Rumelhart, D. E. and Hinton, G. E. and Williams, R. J.},
	title = {Learning representations by back-propagating errors},
	journal = {Nature},
	volume = {323},
	number = {6088},
	pages = {533--536},
	year = {1986},
	doi = {10.1038/323533a0}
}

@article{hornik_multilayer_1989,
	author = {Hornik, K. and Stinchcombe, M. and White, H.},
	title = {Multilayer feedforward networks are universal approximators},
	journal = {Neural Networks},
	volume = {2},
	number = {5},
	pages = {359--366},
	year = {1989},
	doi = {10.1016/0893-6080(89)90020-8}
}

@article{kohavi_study_1995,
	author = {Kohavi, R.},
	title = {A study of cross validation and bootstrap for accuracy estimation and model selection},
	journal = {Proceedings of the 14th International Joint Conference on Artificial Intelligence (IJCAI)},
	year = {1995},
	pages = {1137--1145}
}

@article{varma_bias_2006,
	author = {Varma, S. and Simon, R.},
	title = {Bias in error estimation when using cross-validation for model selection},
	journal = {BMC Bioinformatics},
	volume = {7},
	number = {1},
	pages = {91},
	year = {2006},
	doi = {10.1186/1471-2105-7-91}
}

@article{demsar_statistical_2006,
	author = {Demsar, J.},
	title = {Statistical comparisons of classifiers over multiple data sets},
	journal = {Journal of Machine Learning Research},
	volume = {7},
	pages = {1--30},
	year = {2006}
}

@incollection{prechelt_early_2012,
	author = {Prechelt, L.},
	title = {Early stopping—But when?},
	booktitle = {Neural Networks: Tricks of the Trade, Second Edition},
	editor = {Montavon, G. and Orr, G. B. and Muller, K.-R.},
	pages = {53--67},
	publisher = {Springer},
	year = {2012},
	doi = {10.1007/978-3-642-35289-8_5}
}

@inproceedings{ng_feature_2004,
	author = {Ng, A. Y.},
	title = {Feature selection, L1 vs. L2 regularization, and rotational invariance},
	booktitle = {Proceedings of the Twenty-first International Conference on Machine Learning (ICML)},
	pages = {78},
	publisher = {ACM},
	year = {2004},
	doi = {10.1145/1015330.1015435}
}

@inproceedings{krogh_simple_1991,
	author = {Krogh, A. and Hertz, J.},
	title = {A simple weight decay can improve generalization},
	booktitle = {Advances in Neural Information Processing Systems},
	volume = {4},
	publisher = {Morgan-Kaufmann},
	year = {1991}
}









% Examples-----------------------------------------------------
@mastersthesis{vach_2015,
	year=2015,
	author="Vach, D.",
	title="Comparison of Double Auction Bidding Strategies for Automated Trading Agents",
	school="Charles University in Prague"
} 

@techreport{shiller_2017,
    title = "{Narrative Economics}",
    author = {Shiller, R.},
    institution = {Cowles Foundation, Yale University},
    year = {2017},
    number = 2069,
    month = "January"
}

@phdthesis{vytelingum_2006,
    year=2006,
    author={Vytelingum, P.},
    title={The Stucture and Behavior of the Continuous Double Auction},
    school={University of Southampton}
}

@techreport{tesfatsion_2002,
    title = "{Agent-based Computational Economics (ACE): Growing Economies from the Bottom Up}",
    url  = "http://www2.econ.iastate.edu/tesfatsi/ace.htm",
    author={Tesfatsion, L.},
    institution="{Iowa State University Economics Working Paper No. 1}",
    year = "2002"
}

@incollection{rust_etal_1992,
	year=1992,
	author="Rust, J. and Miller, J. and Palmer, R.",
	title="Behavior of Trading Automata in a Computerized Double Auction Market",
	booktitle="The Double Auction Market: Institutions, Theories, and Evidence", 
	editor="Friedman, D. and Rust, J.", 
	publisher="Addison-Wesley", 
	pages="155--198"
}